@article{DBLP:journals/software/GarousiFKY18,
    author    = {Vahid Garousi and
                Michael Felderer and
                {\c{C}}agri Murat Karapi{\c{c}}ak and
                Ugur Yilmaz},
    title     = {What We Know about Testing Embedded Software},
    journal   = {{IEEE} Softw.},
    volume    = {35},
    number    = {4},
    pages     = {62--69},
    year      = {2018},
}

@article{DBLP:journals/ese/HostRW00,
    author    = {Martin H{\"{o}}st and
                Bj{\"{o}}rn Regnell and
                Claes Wohlin},
    title     = {Using Students as Subjects-A Comparative Study of Students and Professionals
                in Lead-Time Impact Assessment},
    journal   = {Empir. Softw. Eng.},
    volume    = {5},
    number    = {3},
    pages     = {201--214},
    year      = {2000},
}


@article{DBLP:journals/tse/KaracTJ21,
    author    = {Itir Karac and
                Burak Turhan and
                Natalia Juristo},
    title     = {A Controlled Experiment with Novice Developers on the Impact of Task
                Description Granularity on Software Quality in Test-Driven Development},
    journal   = {{IEEE} Trans. Software Eng.},
    volume    = {47},
    number    = {7},
    pages     = {1315--1330},
    year      = {2021},
}

@article{DBLP:journals/tse/ErdogmusMT05,
    author    = {Hakan Erdogmus and
                Maurizio Morisio and
                Marco Torchiano},
    title     = {On the Effectiveness of the Test-First Approach to Programming},
    journal   = {{IEEE} Trans. Software Eng.},
    volume    = {31},
    number    = {3},
    pages     = {226--237},
    year      = {2005},
}

@article{DBLP:journals/infsof/Madeyski10,
    author    = {Lech Madeyski},
    title     = {The impact of Test-First programming on branch coverage and mutation
                score indicator of unit tests: An experiment},
    journal   = {Inf. Softw. Technol.},
    volume    = {52},
    number    = {2},
    pages     = {169--184},
    year      = {2010},
}

@article{DBLP:journals/tse/FucciETOJ17,
    author    = {Davide Fucci and
                Hakan Erdogmus and
                Burak Turhan and
                Markku Oivo and
                Natalia Juristo},
    title     = {A Dissection of the Test-Driven Development Process: Does It Really
                Matter to Test-First or to Test-Last?},
    journal   = {{IEEE} Trans. Software Eng.},
    volume    = {43},
    number    = {7},
    pages     = {597--614},
    year      = {2017},
}

@article{DBLP:journals/ese/TosunDFVTESOTJJ17,
    author    = {Ayse Tosun and
                Oscar Dieste and
                Davide Fucci and
                Sira Vegas and
                Burak Turhan and
                Hakan Erdogmus and
                Adrian Santos and
                Markku Oivo and
                Kimmo Toro and
                Janne J{\"{a}}rvinen and
                Natalia Juristo},
    title     = {An industry experiment on the effects of test-driven development on
                external quality and productivity},
    journal   = {Empir. Softw. Eng.},
    volume    = {22},
    number    = {6},
    pages     = {2763--2805},
    year      = {2017},
}

@article{Cohen:1992,
    author             = {Cohen, Jacob},
    title              = {A power primer.},
    journal            = {Psychological bulletin},
    year               = {1992},
    volume             = {112},
    pages              = {155-9},
    article-doi        = {10.1037//0033-2909.112.1.155},
    issue              = {1},
}

@article{DBLP:journals/software/KaracT18,
    author    = {Itir Karac and
                Burak Turhan},
    title     = {What Do We (Really) Know about Test-Driven Development?},
    journal   = {{IEEE} Softw.},
    volume    = {35},
    number    = {4},
    pages     = {81--85},
    year      = {2018},
}

@article{TDDEmbeddedSoftware,
    author    = {Michael J. K., William I. B., Carl B. E.},
    title     = {Effective Test Driven Development for Embedded Software},
    year      = {2006}
}

@article{DBLP:journals/infsof/BissiNE16,
    author    = {Wilson Bissi and
                Adolfo Gustavo Serra Seca Neto and
                Maria Cl{\'{a}}udia Figueiredo Pereira Emer},
    title     = {The effects of test driven development on internal quality, external
                quality and productivity: {A} systematic review},
    journal   = {Inf. Softw. Technol.},
    volume    = {74},
    pages     = {45--54},
    year      = {2016},
}

@article{DBLP:journals/infsof/MunirMP14,
    author    = {Hussan Munir and
                Misagh Moayyed and
                Kai Petersen},
    title     = {Considering rigor and relevance when evaluating test driven development:
                {A} systematic review},
    journal   = {Inf. Softw. Technol.},
    volume    = {56},
    number    = {4},
    pages     = {375--394},
    year      = {2014},
}

@article{DBLP:journals/tse/RafiqueM13,
    author    = {Yahya Rafique and
                Vojislav B. Misic},
    title     = {The Effects of Test-Driven Development on External Quality and Productivity:
                {A} Meta-Analysis},
    journal   = {{IEEE} Trans. Software Eng.},
    volume    = {39},
    number    = {6},
    pages     = {835--856},
    year      = {2013},
}

@article{DBLP:journals/tse/Latorre14,
    author    = {Roberto Latorre},
    title     = {Effects of Developer Experience on Learning and Applying Unit Test-Driven
                Development},
    journal   = {{IEEE} Trans. Software Eng.},
    volume    = {40},
    number    = {4},
    pages     = {381--395},
    year      = {2014},
}

@article{DBLP:journals/infsof/GarousiFKY18,
    author    = {Vahid Garousi and
                Michael Felderer and
                {\c{C}}agri Murat Karapi{\c{c}}ak and
                Ugur Yilmaz},
    title     = {Testing embedded software: {A} survey of the literature},
    journal   = {Inf. Softw. Technol.},
    volume    = {104},
    pages     = {14--45},
    year      = {2018},
}

@article{DBLP:journals/tse/BellerGPPAZ19,
    author    = {Moritz Beller and
                Georgios Gousios and
                Annibale Panichella and
                Sebastian Proksch and
                Sven Amann and
                Andy Zaidman},
    title     = {Developer Testing in the {IDE:} Patterns, Beliefs, and Behavior},
    journal   = {{IEEE} Trans. Software Eng.},
    volume    = {45},
    number    = {3},
    pages     = {261--284},
    year      = {2019},
}

@article{DBLP:journals/ese/BorleFSGH18,
    author    = {Neil C. Borle and
                Meysam Feghhi and
                Eleni Stroulia and
                Russell Greiner and
                Abram Hindle},
    title     = {Analyzing the effects of test driven development in GitHub},
    journal   = {Empir. Softw. Eng.},
    volume    = {23},
    number    = {4},
    pages     = {1931--1958},
    year      = {2018},
}

@article{DBLP:journals/tse/VegasAJ16,
    author    = {Sira Vegas and
                Cecilia Apa and
                Natalia Juristo Juzgado},
    title     = {Crossover Designs in Software Engineering Experiments: Benefits and
                Perils},
    journal   = {{IEEE} Trans. Software Eng.},
    volume    = {42},
    number    = {2},
    pages     = {120--135},
    year      = {2016},
}

@article{QuasiExp,
    title={Quasi-Experimentation - Design and Analysis Issues for Field Settings},
    authors={T. D. Cook and D. T. Campbell},
    journal={Psychologica Belgica},
    year={1979},
    publisher={ Houghton Mifflin},
}

@article{4428578,
    author={Grenning, James},
    journal={IEEE Instrumentation and Measurement Magazine}, 
    title={Applying test driven development to embedded software}, 
    year={2007},
    volume={10},
    number={6},
    pages={20-25},
}

@inproceedings{DBLP:conf/isese/GuanOA06,
    author    = {Jing Guan and
                Jeff Offutt and
                Paul Ammann},
    editor    = {Guilherme Horta Travassos and
                Jos{\'{e}} Carlos Maldonado and
                Claes Wohlin},
    title     = {An industrial case study of structural testing applied to safety-critical
                embedded software},
    booktitle = {2006 International Symposium on Empirical Software Engineering {(ISESE}
                2006), September 21-22, 2006, Rio de Janeiro, Brazil},
    pages     = {272--277},
    publisher = {{ACM}},
    year      = {2006},
}

@inproceedings{DBLP:conf/esem/Fucci0BCSTJ18,
  author    = {Davide Fucci and
               Simone Romano and
               Maria Teresa Baldassarre and
               Danilo Caivano and
               Giuseppe Scanniello and
               Burak Turhan and
               Natalia Juristo},
  editor    = {Markku Oivo and
               Daniel M{\'{e}}ndez Fern{\'{a}}ndez and
               Audris Mockus},
  title     = {A longitudinal cohort study on the retainment of test-driven development},
  booktitle = {Proceedings of the 12th {ACM/IEEE} International Symposium on Empirical
               Software Engineering and Measurement, {ESEM} 2018, Oulu, Finland,
               October 11-12, 2018},
  pages     = {18:1--18:10},
  publisher = {{ACM}},
  year      = {2018},
}

@inproceedings{DBLP:conf/xpu/0001SBFC20,
    author    = {Simone Romano and
               Giuseppe Scanniello and
               Maria Teresa Baldassarre and
               Davide Fucci and
               Danilo Caivano},
    editor    = {Viktoria Stray and
               Rashina Hoda and
               Maria Paasivaara and
               Philippe Kruchten},
    title     = {Results from a Replicated Experiment on the Affective Reactions of
               Novice Developers When Applying Test-Driven Development},
    booktitle = {Agile Processes in Software Engineering and Extreme Programming -
               21st International Conference on Agile Software Development, {XP}
               2020, Copenhagen, Denmark, June 8-12, 2020, Proceedings},
    series    = {Lecture Notes in Business Information Processing},
    volume    = {383},
    pages     = {223--239},
    publisher = {Springer},
    year      = {2020},
}

@inproceedings{DBLP:conf/esem/FucciS0SSUTJO16,
    author    = {Davide Fucci and
                Giuseppe Scanniello and
                Simone Romano and
                Martin J. Shepperd and
                Boyce Sigweni and
                Fernando Uyaguari Uyaguari and
                Burak Turhan and
                Natalia Juristo and
                Markku Oivo},
    title     = {An External Replication on the Effects of Test-driven Development
                Using a Multi-site Blind Analysis Approach},
    booktitle = {Proceedings of the 10th {ACM/IEEE} International Symposium on Empirical
                Software Engineering and Measurement, {ESEM} 2016, Ciudad Real, Spain,
                September 8-9, 2016},
    pages     = {3:1--3:10},
    publisher = {{ACM}},
    year      = {2016},
}

@inproceedings{DBLP:conf/esem/RomanoZBPS22,
    author    = {Simone Romano and
                Fiorella Zampetti and
                Maria Teresa Baldassarre and
                Massimiliano Di Penta and
                Giuseppe Scanniello},
    editor    = {Fernanda Madeiral and
                Casper Lassenius and
                Tayana Conte and
                Tomi M{\"{a}}nnist{\"{o}}},
    title     = {Do Static Analysis Tools Affect Software Quality when Using Test-driven
                Development?},
    booktitle = {{ESEM} '22: {ACM} / {IEEE} International Symposium on Empirical Software
                Engineering and Measurement, Helsinki Finland, September 19 - 23,
                2022},
    pages     = {80--91},
    publisher = {{ACM}},
    year      = {2022},
}

@inproceedings{DBLP:conf/xpu/MarchenkoAI09,
    author    = {Artem Marchenko and
                Pekka Abrahamsson and
                Tuomas Ihme},
    editor    = {Pekka Abrahamsson and
                Michele Marchesi and
                Frank Maurer},
    title     = {Long-Term Effects of Test-Driven Development {A} Case Study},
    booktitle = {Agile Processes in Software Engineering and Extreme Programming, 10th
                International Conference, {XP} 2009, Pula, Sardinia, Italy, May 25-29,
                2009. Proceedings},
    series    = {Lecture Notes in Business Information Processing},
    volume    = {31},
    pages     = {13--22},
    publisher = {Springer},
}

@inproceedings{DBLP:conf/icse/SiegmundSA15,
    author    = {Janet Siegmund and
                Norbert Siegmund and
                Sven Apel},
    editor    = {Antonia Bertolino and
                Gerardo Canfora and
                Sebastian G. Elbaum},
    title     = {Views on Internal and External Validity in Empirical Software Engineering},
    booktitle = {37th {IEEE/ACM} International Conference on Software Engineering,
                {ICSE} 2015, Florence, Italy, May 16-24, 2015, Volume 1},
    pages     = {9--19},
    publisher = {{IEEE} Computer Society},
    year      = {2015},
}



@inproceedings{DBLP:conf/metrics/CarverJMS03,
    author    = {Jeffrey C. Carver and
                Letizia Jaccheri and
                Sandro Morasca and
                Forrest Shull},
    title     = {Issues in Using Students in Empirical Studies in Software Engineering
                Education},
    booktitle = {9th {IEEE} International Software Metrics Symposium {(METRICS} 2003),
                3-5 September 2003, Sydney, Australia},
    pages     = {239},
    publisher = {{IEEE} Computer Society},
    year      = {2003},
}

@incollection{DBLP:reference/se/ErdogmusMJ10,
    author    = {Hakan Erdogmus and
                Grigori Melnik and
                Ron Jeffries},
    editor    = {Phillip A. Laplante},
    title     = {Test-Driven Development},
    booktitle = {Encyclopedia of Software Engineering},
    pages     = {1211--1229},
    publisher = {Taylor {\&} Francis},
    year      = {2010},
}
@incollection{King:2004,
    author =    {Nigel King},
    title =     {Using templates in the thematic analysis of text},
    booktitle = {Essential Guide to Qualitative Methods in Organizational Research},
    publisher = {Sage},
    year =      {2004},
    editor =    {Catherine Cassell and Gillian Symon},
    pages =     {256--270},
}

@inbook{TDDEffective,
    author = {Turhan, Burak and Layman, Lucas and Diep, Madeline and Shull, Forrest and Erdogmus, Hakan},
    title = {How Effective is Test Driven Development},
    year = {2010},
    month = {10},
    pages = {},
}

@inbook{GQM,
    author = {Solingen, Rini and Basili, Vic and Caldiera, Gianluigi and Rombach, Dieter},
    year = {2002},
    month = {01},
    pages = {},
    title = {Goal Question Metric (GQM) Approach},
    isbn = {9780471028956},
}

@inbook{ThematicAnalysis,
    author = {King, Nigel},
    year = {2004},
    month = {01},
    pages = {257 - 270},
    title = {Using Templates in the Thematic Analysis of Text},
    isbn = {9780761948889},
    journal = {Essential Guide to Qualitative Methods in Organizational Research},
}

@book{DBLP:books/sp/WohlinRHOR00,
    author    = {Claes Wohlin and
                Per Runeson and
                Martin H{\"{o}}st and
                Magnus C. Ohlsson and
                Bj{\"{o}}rn Regnell},
    title     = {Experimentation in Software Engineering - An Introduction},
    series    = {The Kluwer International Series in Software Engineering},
    volume    = {6},
    publisher = {Kluwer},
    year      = {2000},
}

@book{ResearchOfTeaching,
    author = {D.T. Campbell and J.C. Stanley},
    ISBN = {9780935302509},
    edition = {5th Edition},
    publisher = {American Educational Research Association},
    title = {Handbook of Research on Teaching},
    urldate = {2023-01-27},
    year = {2016}
}



@book{MakingEmbeddedSystems,
    title = {Making Embedded Systems: Design Patterns for Great Software},
    author = {White E.},
    publisher = {O'Reilly},
    year = {2011},
}

@book{TDDByExample,
    title = {Test-Driven Development by Example},
    author = {Beck K.},
    publisher = {Addison Wesley},
    year = {2002},
}

@book{OOSE,
    title = {Object-Oriented Software Engineering Using UML, Patterns, and Java, Third Edition},
    author = {Bernd B. and Allen H. D.},
    publisher = {Pearson},
    year = {2010},
}

@book{TDDEC,
    title = {Object-Oriented Software Engineering Using UML, Patterns, and Java, Third Edition},
    author = {James W. G.},
    publisher = {The Pragmatic Programmers},
    year = {2011},
}


@online {GuidelinesTDD,
    title = "Guidelines for Test-Driven Development",
    url  = "https://learn.microsoft.com/en-us/previous-versions/aa730844(v=vs.80)?redirectedfrom=MSDN"
}

@online {XLoop,
    title = "What are MIL, SIL, PIL, and HIL, and how do they integrate with the Model-Based Design approach?",
    url  = "https://www.mathworks.com/matlabcentral/answers/440277-what-are-mil-sil-pil-and-hil-and-how-do-they-integrate-with-the-model-based-design-approach"
}

@online {SpeedGoat,
    title = "SpeedGoat",
    url  = "https://www.speedgoat.com/"
}

@online {Simulink,
    title = "Simulink",
    url  = "https://it.mathworks.com/products/simulink.html"
}

@online {Zigbee,
    title = "Zigbee",
    url  = "https://csa-iot.org/all-solutions/zigbee/"
}

@online{CognitiveComplexity,
    title = "Cognitive Complexity",
    url = "https://docs.codeclimate.com/docs/cognitive-complexity"
}

@online{GPIOMock,
    title = "Raspberry Pi GPIO library mock",
    url = "https://github.com/codenio/Mock.GPIO"
}

@online{XP2023,
    title = "24th International Conference on Agile Software Development",
    url = "https://www.agilealliance.org/xp2023/"
}

@online{SonarQube,
    title = "SonarQube",
    url = "https://www.sonarsource.com/products/sonarqube/"
}

@online{IEEESpectrum,
    title = "IEEE Spectrum",
    url = "https://spectrum.ieee.org/top-programming-languages-2022"
}

@online {RepPackage,
    author    = "Romano, Simone",
    title     = {Replication Package of ``Test-Driven Development and Embedded Systems: an Exploratory Investigation''},
    year      = "2023",
    url       = "https://figshare.com/s/6322beb3a23373149862",
}

@techreport{ESSTR2022,
    title = {Embedded Systems Market by Component (Hardware, Software), by Application (Automotive, Consumer Electronics, Industrial, Aerospace and Defense, Others): Global Opportunity Analysis and Industry Forecast, 2021-2031},
    year = {2022},
    institution = {Allied Market Research},
}
