@article {article1,
    title = {Automated Test Case Generation as a Many-Objective Optimisation Problem with Dynamic Selection of the Targets},
    author = {A. Panichella, F. M. Kifetwe and P. Tonella},
    journal = {IEEE Transactions on Pattern Analysis and Machine Intelligence},
    publisher = {Institute of Electrical and Electronics Engineers},
    year = {2018}
}

@article {article2,
    title = {Testing machine learning based systems: a systematic mapping},
    author = {V. Riccio G. Jahangirova A. Stocco N. Humbatova M. Weiss and P. Tonella},
    journal = {},
    publisher = {},
    year = {2020}
}

@article {article3,
    title = {Many-Objective Evolutionary Algorithms: A Survey},
    author = {B. Li, J. Li, K. Tang},
    journal = {},
    publisher = {},
    year = {2015}
}

@article {article4,
    title = {Search-based Testing of Procedural Programs: Iterative Single-Target or Multi-Target Approach?},
    author = {S. Scalabrino, G. Grano, D. Di Nucci, R Oliveto, A. De Lucia},
    journal = {},
    publisher = {},
    year = {2017}
}


@book {bookExample,
    title={Book reference example},
    author={Author, A. and Author, A.},
    year={2099},
    publisher={Publisher}
}

@article {articleExample,
    author={Author, A.},
    booktitle={2099 IEEE International Conference on},
    title={Article title},
    journal = {Journal name},
    year={2099},
    volume={},
    number={},
    pages={}
}

@online {siteExample,
    title = "Example",
    url  = "https://www.isislab.it"
}

@thesis {thesisExample,
    author={A. Author},
    schoold={Universit√† degli Studi di Salerno},
    title={Tesi di esempio ISISLab},
    year={2099}
}
