@book{bookExample,
title={Book reference example},
author={Author, A. and Author, A.},
year={2099},
publisher={Publisher}
}

@article{articleExample,
author={Author, A.},
booktitle={2099 IEEE International Conference on},
title={Article title},
journal = {Journal name},
year={2099},
volume={},
number={},
pages={}}

@online{siteExample,
title = "Example",
url  = "https://www.isislab.it"
}

@thesis{thesisExample,
author={A. Author},
schoold={Universit√† degli Studi di Salerno},
title={Tesi di esempio ISISLab},
year={2099}
}
